<?xml version="1.0" encoding="UTF-8"?><collection xmlns="http://www.loc.gov/MARC21/slim"><record><leader>00559nam--2200205-i-4500</leader><controlfield tag="001">000016000</controlfield><controlfield tag="002">20161230</controlfield><controlfield tag="005">20170128194244</controlfield><controlfield tag="008">060222s1000------------r-----000-0-rus-d</controlfield><datafield ind1=" " ind2=" " tag="040"><subfield code="a">IFIN-HH</subfield></datafield><datafield ind1=" " ind2=" " tag="041"><subfield code="a">rus</subfield></datafield><datafield ind1=" " ind2=" " tag="080"><subfield code="a">53:531</subfield></datafield><datafield ind1="1" ind2=" " tag="100"><subfield code="a">Duvaut, G</subfield></datafield><datafield ind1="1" ind2="0" tag="245"><subfield code="a">Neravenstva v mehanike i fizike</subfield><subfield code="c">G. Duvaut, J.-L. Lions</subfield></datafield><datafield ind1=" " ind2=" " tag="260"><subfield code="a">Moskva</subfield><subfield code="b">Nauka</subfield><subfield code="c">1980</subfield></datafield><datafield ind1=" " ind2=" " tag="300"><subfield code="a">382 p</subfield></datafield><datafield ind1=" " ind2=" " tag="500"><subfield code="a">Titlul Original In Limba Franceza: Les Inequations En Mecanique Et Eu Physique</subfield></datafield><datafield ind1="1" ind2=" " tag="700"><subfield code="a">Lions, J. L</subfield></datafield><datafield ind1=" " ind2=" " tag="852"><subfield code="a">49398</subfield><subfield code="c">53</subfield></datafield><datafield ind1=" " ind2=" " tag="CAT"><subfield code="a">SYS</subfield><subfield code="c">20170128</subfield><subfield code="h">194244</subfield></datafield></record></collection>